% Journal Shortcuts {{{
@String(PAMI  = {IEEE Transactions on Pattern Analysis and Machine Intelligence (PAMI)})
@String(IJCV  = {International Journal of Computer Vision (IJCV)})
@String(CVPR  = {Proceedings of the {IEEE/CVF} Conference on Computer Vision and Pattern Recognition (CVPR)})
@String(ICCV  = {Proceedings of the {I}nternational {C}onference on {C}omputer {V}ision (ICCV)})
@String(NeurIPS = {Advances in Neural Information Processing Systems (NeurIPS)})
@String(ICML  = {International Conference on Machine Learning (ICML)})
@String(ICLR  = {International Conference on Learning Representations (ICLR)})
@String(ICMLW = {International Conference on Machine Learning Workshops})
@String(TMLR  = {Transactions on Machine Learning Research (TMLR)})
@String(PR    = {Pattern Recognition})
@String(WACV  = {{IEEE/CVF} Winter Conference on Applications of Computer Vision, (WACV)})
@String(CSUR  = {ACM computing surveys (CSUR)})
@String(COLLAS  = {Proceedings of The 2nd Conference on Lifelong Learning Agents (CoLLAs)})
% }}}
% Short-form Journal shortcuts {{{
@String(PAMI  = {{PAMI}})
@String(IJCV  = {{IJCV}})
@String(CVPR  = {{CVPR}})
@String(ICCV  = {{ICCV}})
@String(NeurIPS = {{NeurIPS}})
@String(ICML  = {{ICML}})
@String(ICLR  = {{ICLR}})
@String(ICMLW = {{ICMLW}})
@String(TMLR  = {{TMLR}})
@String(PR    = {{Pat. Rec.}})
@String(WACV  = {{WACV}})
@String(CSUR  = {{CSUR}})
@String(COLLAS  = {{CoLLAs}})
}}}

@misc{linderman2025bnp4ood,
      title={A Bayesian Nonparametric Perspective on Mahalanobis Distance for Out of Distribution Detection},
      author={Randolph Linderman and Yiran Chen and Scott Linderman},
      year={2025},
      eprint={2502.08695},
      archivePrefix={arXiv},
      primaryClass={stat.ML},
}

@inproceedings{linderman23,
  title = {Fine-grain Inference on Out-of-Distribution Data with Hierarchical Classification},
  author = {
    Linderman, Randolph
    and Zhang, Jingyang
    and Inkawhich, Nathan
    and Li, Hai
    and Chen, Yiran
  },
  booktitle = COLLAS,
  pages = {162--183},
  year = {2023},
  volume = {232},
  publisher = {{PMLR}},
}

@inproceedings{zhang2021mixture,
  author       = {Jingyang Zhang and
                  Nathan Inkawhich and
                  Randolph Linderman and
                  Yiran Chen and
                  Hai Li},
  title        = {Mixture Outlier Exposure: Towards Out-of-Distribution Detection in
                  Fine-grained Environments},
  booktitle    = WACV,
  pages        = {5520--5529},
  publisher    = {{IEEE}},
  year         = {2023},
}

% vim: foldmethod=marker:foldlevel=0:
